@book{meulivro,
title="Título do livro",
author="Autor do livro",
publisher="Editora",
address="Cidade",
year="2024"
}
@article{meuartigo,
title="Título do artigo",
author="Autor do artigo",
journal="Revista",
volume=10,
pages="12-20",
year="2024"
}